@article{Collberg:2002:WTO:636196.636198,
 author = {Collberg, Christian S. and Thomborson, Clark},
 title = {Watermarking, Tamper-proffing, and Obfuscation: Tools for Software Protection},
 journal = {IEEE Trans. Softw. Eng.},
 issue_date = {August 2002},
 volume = {28},
 number = {8},
 month = aug,
 year = {2002},
 issn = {0098-5589},
 pages = {735--746},
 numpages = {12},
 url = {http://dx.doi.org/10.1109/TSE.2002.1027797},
 doi = {10.1109/TSE.2002.1027797},
 acmid = {636198},
 publisher = {IEEE Press},
 address = {Piscataway, NJ, USA},
 keywords = {intellectual property protection, obfuscation, tamper-proofing, watermarking},
} 

@rfc{Rivest:1992:MMA:RFC1321,
 author = {Rivest, R.},
 title = {The MD5 Message-Digest Algorithm},
 year = {1992},
 publisher = {RFC Editor},
 address = {United States},
} 

@inproceedings{DBLP:conf/fsttcs/Blum91,
  author    = {Manuel Blum},
  title     = {Program Checking},
  booktitle = {Foundations of Software Technology and Theoretical Computer Science,
               11th Conference, New Delhi, India, December 17-19, 1991, Proceedings},
  pages     = {1--9},
  year      = {1991},
  crossref  = {DBLP:conf/fsttcs/1991},
  url       = {https://doi.org/10.1007/3-540-54967-6_57},
  doi       = {10.1007/3-540-54967-6_57},
  timestamp = {Sat, 20 May 2017 15:32:53 +0200},
  biburl    = {http://dblp.org/rec/bib/conf/fsttcs/Blum91},
  bibsource = {dblp computer science bibliography, http://dblp.org}
}

@inproceedings{DBLP:conf/icalp/Blum93,
  author    = {Manuel Blum},
  title     = {Program Result Checking: {A} New Approach to Making Programs More
               Reliable},
  booktitle = {Automata, Languages and Programming, 20nd International Colloquium,
               ICALP93, Lund, Sweden, July 5-9, 1993, Proceedings},
  pages     = {1--14},
  year      = {1993},
  crossref  = {DBLP:conf/icalp/1993},
  url       = {https://doi.org/10.1007/3-540-56939-1_57},
  doi       = {10.1007/3-540-56939-1_57},
  timestamp = {Sat, 20 May 2017 15:32:49 +0200},
  biburl    = {http://dblp.org/rec/bib/conf/icalp/Blum93},
  bibsource = {dblp computer science bibliography, http://dblp.org}
}

@article{DBLP:journals/ieeesp/CollbergMH03,
  author    = {Christian S. Collberg and
               Ginger Myles and
               Andrew Huntwork},
  title     = {Sandmark--A Tool for Software Protection Research},
  journal   = {{IEEE} Security {\&} Privacy},
  volume    = {1},
  number    = {4},
  pages     = {40--49},
  year      = {2003},
  url       = {https://doi.org/10.1109/MSECP.2003.1219058},
  doi       = {10.1109/MSECP.2003.1219058},
  timestamp = {Sat, 27 May 2017 14:24:41 +0200},
  biburl    = {http://dblp.org/rec/bib/journals/ieeesp/CollbergMH03},
  bibsource = {dblp computer science bibliography, http://dblp.org}
}

@inproceedings{DBLP:conf/popl/CollbergT99,
  author    = {Christian S. Collberg and
               Clark D. Thomborson},
  title     = {Software Watermarking: Models and Dynamic Embeddings},
  booktitle = {{POPL} '99, Proceedings of the 26th {ACM} {SIGPLAN-SIGACT} Symposium
               on Principles of Programming Languages, San Antonio, TX, USA, January
               20-22, 1999},
  pages     = {311--324},
  year      = {1999},
  crossref  = {DBLP:conf/popl/1999},
  url       = {http://doi.acm.org/10.1145/292540.292569},
  doi       = {10.1145/292540.292569},
  timestamp = {Mon, 21 May 2012 16:19:51 +0200},
  biburl    = {http://dblp.org/rec/bib/conf/popl/CollbergT99},
  bibsource = {dblp computer science bibliography, http://dblp.org}
}

@inproceedings{DBLP:conf/icse/JunodRWM15,
  author    = {Pascal Junod and
               Julien Rinaldini and
               Johan Wehrli and
               Julie Michielin},
  title     = {Obfuscator-LLVM - Software Protection for the Masses},
  booktitle = {1st {IEEE/ACM} International Workshop on Software Protection, {SPRO}
               2015, Florence, Italy, May 19, 2015},
  pages     = {3--9},
  year      = {2015},
  crossref  = {DBLP:conf/icse/2015spro},
  url       = {https://doi.org/10.1109/SPRO.2015.10},
  doi       = {10.1109/SPRO.2015.10},
  timestamp = {Tue, 23 May 2017 01:11:51 +0200},
  biburl    = {http://dblp.org/rec/bib/conf/icse/JunodRWM15},
  bibsource = {dblp computer science bibliography, http://dblp.org}
}

@rfc{Eastlake:2001:USH:RFC3174,
 author = {Eastlake,3rd, D. and Jones, P.},
 title = {US Secure Hash Algorithm 1 (SHA1)},
 year = {2001},
 publisher = {RFC Editor},
 address = {United States},
} 
