@inproceedings{Namolaru:2010:PAS:1878921.1878951,
 author = {Namolaru, Mircea and Cohen, Albert and Fursin, Grigori and Zaks, Ayal and Freund, Ari},
 title = {Practical Aggregation of Semantical Program Properties for Machine Learning Based Optimization},
 journal = {Proceedings of the 2010 International Conference on Compilers, Architectures and Synthesis for Embedded Systems},
 year = {2010}
}
@article{Leather:2014:AFG:2591460.2536688,
 author = {Leather, Hugh and Bonilla, Edwin and O'boyle, Michael},
 title = {Automatic Feature Generation for Machine Learning--based Optimising Compilation},
 journal = {ACM Trans. Archit. Code Optim.},
 year = {2014}
}
@inproceedings{Briggs:1989:CHR:73141.74843,
 author = {Briggs, P. and Cooper, K. D. and Kennedy, K. and Torczon, L.},
 title = {Coloring  Heuristics for Register Allocation},
 journal = {Proceedings of the ACM SIGPLAN 1989 Conference on Programming Language Design and Implementation},
 year = {1989}
}
@inproceedings{Cummins:2017:SBP:3049832.3049843,
 author = {Cummins, Chris and Petoumenos, Pavlos and Wang, Zheng and Leather, Hugh},
 title = {Synthesizing Benchmarks for Predictive Modeling},
 journal = {Proceedings of the 2017 International Symposium on Code Generation and Optimization},
 year = {2017}
}
@inproceedings{Allamanis:2013:MSC:2487085.2487127,
 author = {Allamanis, Miltiadis and Sutton, Charles},
 title = {Mining Source Code Repositories at Massive Scale Using Language Modeling},
 journal = {Proceedings of the 10th Working Conference on Mining Software Repositories},
 year = {2013}
}
@article{lstm,
author = {Hochreiter, Sepp and Schmidhuber, Jurgen},
year = {1997},
title = {Long Short-term Memory},
journal = {Neural computation}
}
@article{lstm-benefits,
  author    = {Zachary Chase Lipton and John Berkowitz and Charles Elkan},
  title     = {A Critical Review of Recurrent Neural Networks for Sequence Learning},
  journal   = {arXiv:1506:00019},
  year      = {2015}
}
@article{batchnorm,
  author    = {Sergey Ioffe and Stephen Szegedy},
  title     = {Batch Normalization: Accelerating Deep Network Training by Reducing Internal Covariate Shift},
  journal   = {arXiv:1502.03167},
  year      = {2015}
}
@inproceedings{Nair:2010:RLU:3104322.3104425,
 author = {Nair, Vinod and Hinton, Geoffrey E.},
 title = {Rectified Linear Units Improve Restricted Boltzmann Machines},
 journal = {Proceedings of the 27th International Conference on International Conference on Machine Learning},
 year = {2010}
}
@article{adam-iclr,
    Author  = {Durk Kingma and Jimmy Ba},
    Title   = {Adam: A Method for Stochastic Optimization},
    Journal = {arXiv:1412.6980},
    Year    = {2014}
}
@inproceedings{grewe,
 author = {O'Boyle, Michael F.  P. and Wang, Zheng and Grewe, Dominik},
 title = {Portable Mapping of Data Parallel Programs to OpenCL for Heterogeneous Systems},
 journal = {Proceedings of the 2013 IEEE/ACM International Symposium on Code Generation and Optimization (CGO)},
 year = {2013}
}
@inproceedings{magni,
 author = {Magni, Alberto and Dubach, Christophe and O'Boyle, Michael},
 title = {Automatic Optimization of Thread-coarsening for Graphics Processors},
 journal = {Proceedings of the 23rd International Conference on Parallel Architectures and Compilation},
 year = {2014}
}
@inproceedings{Allamanis:2014:LNC:2635868.2635883,
 author = {Allamanis, Miltiadis and Barr, Earl T. and Bird, Christian and Sutton, Charles},
 title = {Learning Natural Coding Conventions},
 journal = {Proceedings of the 22Nd ACM SIGSOFT International Symposium on Foundations of Software Engineering},
 year = {2014}
}
@inproceedings{Allamanis:2014:MIS:2635868.2635901,
 author = {Allamanis, Miltiadis and Sutton, Charles},
 title = {Mining Idioms from Source Code},
 journal = {Proceedings of the 22Nd ACM SIGSOFT International Symposium on Foundations of Software Engineering},
 year = {2014}
}
@inproceedings{Gu:2016:DAL:2950290.2950334,
 author = {Gu, Xiaodong and Zhang, Hongyu and Zhang, Dongmei and Kim, Sunghun},
 title = {Deep API Learning},
 journal = {Proceedings of the 2016 24th ACM SIGSOFT International Symposium on Foundations of Software Engineering},
 year = {2016}
}
@inproceedings{Oda:2015:LGP:2916135.2916173,
 author = {Oda, Yusuke and Fudaba, Hiroyuki and Neubig, Graham and Hata, Hideaki and Sakti, Sakriani and Toda, Tomoki and Nakamura, Satoshi},
 title = {Learning to Generate Pseudo-Code from Source Code Using Statistical Machine Translation (T)},
 booktitle = {Proceedings of the 2015 30th IEEE/ACM International Conference on Automated Software Engineering (ASE)},
 year = {2015}
}
@inproceedings{Cavazos:2006:APM:1176760.1176765,
 author = {Cavazos, John and Dubach, Christophe and Agakov, Felix and Bonilla, Edwin and O'Boyle, Michael F. P. and Fursin, Grigori and Temam, Olivier},
 title = {Automatic Performance Model Construction for the Fast Software Exploration of New Hardware Designs},
 booktitle = {Proceedings of the 2006 International Conference on Compilers, Architecture and Synthesis for Embedded Systems},
 year = {2006}
}
@inproceedings{Leather:2009:AFG:1545006.1545059,
 author = {Leather, Hugh and Bonilla, Edwin and O'Boyle, Michael},
 title = {Automatic Feature Generation for Machine Learning Based Optimizing Compilation},
 booktitle = {Proceedings of the 7th Annual IEEE/ACM International Symposium on Code Generation and Optimization},
 year = {2009}
} 
